@article{kramer2007development,
  title={Development environments for autonomous mobile robots: A survey},
  author={Kramer, James and Scheutz, Matthias},
  journal={Autonomous Robots},
  volume={22},
  number={2},
  pages={101--132},
  year={2007},
  publisher={Springer}
}

@inproceedings{quigley2009ros,
  title={ROS: an open-source Robot Operating System},
  author={Quigley, Morgan and Conley, Ken and Gerkey, Brian and Faust, Josh and Foote, Tully and Leibs, Jeremy and Wheeler, Rob and Ng, Andrew Y},
  booktitle={ICRA workshop on open source software},
  volume={3},
  number={3.2},
  pages={5},
  year={2009},
  organization={Kobe, Japan}
}

@manual{Packages:2019,
      title  = "Packages",
      author = "ROS Admin",
      note   = "\url{http://wiki.ros.org/Packages}",
      year   = "2019 (accessed October 19, 2019)"
    }
    
@manual{Workspaces:2019,
      title  = "Workspaces",
      author = "ROS Admin",
      note   = "\url{http://wiki.ros.org/catkin/workspaces#Catkin_Workspaces}",
      year   = "2019 (accessed October 19, 2019)"
    }

@manual{Topics:2019,
      title  = "Topics",
      author = "ROS Admin",
      note   = "\url{http://wiki.ros.org/Topics}",
      year   = "2019 (accessed October 19, 2019)"
    }

@manual{Master:2019,
      title  = "Master",
      author = "ROS Admin",
      note   = "\url{http://wiki.ros.org/Master}",
      year   = "2019 (accessed October 19, 2019)"
    }

@manual{Actionlib:2019,
      title  = "Actionlib",
      author = "ROS Admin",
      note   = "\url{http://wiki.ros.org/actionlib}",
      year   = "2019 (accessed October 19, 2019)"
    }

@book{fairchild2016ros,
  title={ROS robotics by example},
  author={Fairchild, Carol and Harman, Thomas L},
  year={2016},
  publisher={Packt Publishing Ltd}
}

@book{quigley2015programming,
  title={Programming Robots with ROS: a practical introduction to the Robot Operating System},
  author={Quigley, Morgan and Gerkey, Brian and Smart, William D},
  year={2015},
  publisher={" O'Reilly Media, Inc."}
}

@article{o2014gentle,
  title={A gentle introduction to ROS},
  author={O'Kane, Jason M},
  year={2014},
  publisher={Jason M. O'Kane}
}
