@inproceedings{goodfellow2014generative,
  title={Generative adversarial nets},
  author={Goodfellow, Ian and Pouget-Abadie, Jean and Mirza, Mehdi and Xu, Bing and Warde-Farley, David and Ozair, Sherjil and Courville, Aaron and Bengio, Yoshua},
  booktitle={Advances in neural information processing systems},
  pages={2672--2680},
  year={2014}
}

@article{biggio2013security,
  title={Security evaluation of pattern classifiers under attack},
  author={Biggio, Battista and Fumera, Giorgio and Roli, Fabio},
  journal={IEEE transactions on knowledge and data engineering},
  volume={26},
  number={4},
  pages={984--996},
  year={2013},
  publisher={IEEE}
}

@book{duda2012pattern,
  title={Pattern classification},
  author={Duda, Richard O and Hart, Peter E and Stork, David G},
  year={2012},
  publisher={John Wiley \& Sons}
}

@article{papernot2016towards,
  title={Towards the science of security and privacy in machine learning},
  author={Papernot, Nicolas and McDaniel, Patrick and Sinha, Arunesh and Wellman, Michael},
  journal={arXiv preprint arXiv:1611.03814},
  year={2016}
}

@article{berthelot2017began,
  title={Began: Boundary equilibrium generative adversarial networks},
  author={Berthelot, David and Schumm, Thomas and Metz, Luke},
  journal={arXiv preprint arXiv:1703.10717},
  year={2017}
}


@inproceedings{chen2016infogan,
  title={Infogan: Interpretable representation learning by information maximizing generative adversarial nets},
  author={Chen, Xi and Duan, Yan and Houthooft, Rein and Schulman, John and Sutskever, Ilya and Abbeel, Pieter},
  booktitle={Advances in neural information processing systems},
  pages={2172--2180},
  year={2016}
}
